<record><leader>00000cas a22000007a 4500</leader><controlfield tag="001">17163814</controlfield><controlfield tag="008">871203d19191935txuwr ne      0    0eng d</controlfield><datafield ind1=" " ind2=" " tag="010"><subfield code="a">sn 87091238 </subfield></datafield><datafield ind1=" " ind2=" " tag="040"><subfield code="a">PPM</subfield><subfield code="b">eng</subfield><subfield code="c">PPM</subfield><subfield code="d">OCLCQ</subfield></datafield><datafield ind1=" " ind2=" " tag="042"><subfield code="a">msc</subfield></datafield><datafield ind1="0" ind2=" " tag="130"><subfield code="a">Messenger (Miles, Tex. : 1919)</subfield></datafield><datafield ind1="1" ind2="4" tag="245"><subfield code="a">The messenger.</subfield></datafield><datafield ind1=" " ind2=" " tag="260"><subfield code="a">Miles, Tex. :</subfield><subfield code="b">Tom P. Cooper,</subfield><subfield code="c">1919-1935.</subfield></datafield><datafield ind1=" " ind2=" " tag="310"><subfield code="a">Weekly</subfield></datafield><datafield ind1="0" ind2=" " tag="362"><subfield code="a">Vol. 1, no. 1 (Dec. 19, 1919)-v. 35, no. 24 (May 31, 1935).</subfield></datafield><datafield ind1=" " ind2=" " tag="752"><subfield code="a">United States</subfield><subfield code="b">Texas</subfield><subfield code="c">Runnels</subfield><subfield code="d">Miles.</subfield></datafield><datafield ind1="0" ind2="0" tag="780"><subfield code="t">Miles messenger (Miles, Tex.)</subfield><subfield code="w">(DLC)sn 87091240</subfield></datafield><datafield ind1="0" ind2="0" tag="785"><subfield code="t">Miles messenger (Miles, Tex. : 1935)</subfield><subfield code="w">(DLC)sn 83005505</subfield></datafield></record>